<record><leader>00000cas a22000007a 4500</leader><controlfield tag="001">24789861</controlfield><controlfield tag="008">911115d18971900ncuwr ne      0    0eng d</controlfield><datafield ind1=" " ind2=" " tag="010"><subfield code="a">sn 91068737 </subfield></datafield><datafield ind1=" " ind2=" " tag="040"><subfield code="a">NVJ</subfield><subfield code="b">eng</subfield><subfield code="c">NVJ</subfield><subfield code="d">OCLCQ</subfield></datafield><datafield ind1=" " ind2=" " tag="042"><subfield code="a">msc</subfield></datafield><datafield ind1="0" ind2=" " tag="130"><subfield code="a">Western vindicator (Rutherfordton, N.C. : 1897)</subfield></datafield><datafield ind1="1" ind2="4" tag="245"><subfield code="a">The western vindicator.</subfield></datafield><datafield ind1=" " ind2=" " tag="260"><subfield code="a">Rutherfordton, N.C. :</subfield><subfield code="b">L.P. Erwin, L.D. Miller</subfield></datafield><datafield ind1=" " ind2=" " tag="300"><subfield code="a">v.</subfield></datafield><datafield ind1=" " ind2=" " tag="310"><subfield code="a">Weekly</subfield></datafield><datafield ind1="1" ind2=" " tag="362"><subfield code="a">Began in 1897; ceased in Dec. 1900?</subfield></datafield><datafield ind1=" " ind2=" " tag="588"><subfield code="a">Description based on: New ser., v. 1, no. 22 (Sept. 9, 1897).</subfield></datafield><datafield ind1=" " ind2=" " tag="752"><subfield code="a">United States</subfield><subfield code="b">North Carolina</subfield><subfield code="c">Rutherford</subfield><subfield code="d">Rutherfordton.</subfield></datafield></record>